@inproceedings{Constandache:Bob,
 author = {Constandache, Ionut and Bao, Xuan and Azizyan, Martin and Choudhury, Romit Roy},
 title = {Did You See Bob?: Human Localization Using Mobile Phones},
 booktitle = {Proceedings of the Sixteenth Annual International Conference on Mobile Computing and Networking},
 series = {MobiCom '10},
 year = {2010},
 isbn = {978-1-4503-0181-7},
 location = {Chicago, Illinois, USA},
 pages = {149--160},
 numpages = {12},
 url = {http://doi.acm.org/10.1145/1859995.1860013},
 doi = {10.1145/1859995.1860013},
 acmid = {1860013},
 publisher = {ACM},
 address = {New York, NY, USA},
 keywords = {localization, mobile phones, navigation, sensors},
} 

@inbook{Kunze:Ubicomp,
title = "Symbolic object localization through active sampling of acceleration and sound signatures",
author = "Kai Kunze and Paul Lukowicz",
year = "2007",
isbn = "3540748520",
volume = "4717 LNCS",
series = "Lecture Notes in Computer Science (including subseries Lecture Notes in Artificial Intelligence and Lecture Notes in Bioinformatics)",
pages = "163--180",
publisher = {ACM},
booktitle = "UbiComp 2007: Ubiquitous Computing - 9th International Conference, UbiComp 2007, Proceedings",
}

@inproceedings{Rossi:2013:RIP:2459236.2459252,
 author = {Rossi, Mirco and Seiter, Julia and Amft, Oliver and Buchmeier, Seraina and Tr\"{o}ster, Gerhard},
 title = {RoomSense: An Indoor Positioning System for Smartphones Using Active Sound Probing},
 booktitle = {Proceedings of the 4th Augmented Human International Conference},
 series = {AH '13},
 year = {2013},
 isbn = {978-1-4503-1904-1},
 location = {Stuttgart, Germany},
 pages = {89--95},
 numpages = {7},
 url = {http://doi.acm.org/10.1145/2459236.2459252},
 doi = {10.1145/2459236.2459252},
 acmid = {2459252},
 publisher = {ACM},
 address = {New York, NY, USA},
 keywords = {algorithms, indoor positioning, pattern recognition, room impulse response},
} 

@inproceedings{Tung:2015:EAI:2789168.2790102,
 author = {Tung, Yu-Chih and Shin, Kang G.},
 title = {EchoTag: Accurate Infrastructure-Free Indoor Location Tagging with Smartphones},
 booktitle = {Proceedings of the 21st Annual International Conference on Mobile Computing and Networking},
 series = {MobiCom '15},
 year = {2015},
 isbn = {978-1-4503-3619-2},
 location = {Paris, France},
 pages = {525--536},
 numpages = {12},
 url = {http://doi.acm.org/10.1145/2789168.2790102},
 doi = {10.1145/2789168.2790102},
 acmid = {2790102},
 publisher = {ACM},
 address = {New York, NY, USA},
 keywords = {fingerprinting, localization, mobile phones, sound},
} 

@inproceedings{Xiong:2016:SCG:2971648.2971711,
 author = {Xiong, Haoyi and Huang, Yu and Barnes, Laura E. and Gerber, Matthew S.},
 title = {Sensus: A Cross-platform, General-purpose System for Mobile Crowdsensing in Human-subject Studies},
 booktitle = {Proceedings of the 2016 ACM International Joint Conference on Pervasive and Ubiquitous Computing},
 series = {UbiComp '16},
 year = {2016},
 isbn = {978-1-4503-4461-6},
 location = {Heidelberg, Germany},
 pages = {415--426},
 numpages = {12},
 url = {http://doi.acm.org/10.1145/2971648.2971711},
 doi = {10.1145/2971648.2971711},
 acmid = {2971711},
 publisher = {ACM},
 address = {New York, NY, USA},
 keywords = {crowdsensing, human factors, participatory sensing, programmable platform},
} 

@inproceedings{Dey:2011:GCE:2030112.2030135,
 author = {Dey, Anind K. and Wac, Katarzyna and Ferreira, Denzil and Tassini, Kevin and Hong, Jin-Hyuk and Ramos, Julian},
 title = {Getting Closer: An Empirical Investigation of the Proximity of User to Their Smart Phones},
 booktitle = {Proceedings of the 13th International Conference on Ubiquitous Computing},
 series = {UbiComp '11},
 year = {2011},
 isbn = {978-1-4503-0630-0},
 location = {Beijing, China},
 pages = {163--172},
 numpages = {10},
 url = {http://doi.acm.org/10.1145/2030112.2030135},
 doi = {10.1145/2030112.2030135},
 acmid = {2030135},
 publisher = {ACM},
 address = {New York, NY, USA},
 keywords = {mobile devices, mobility, proximity, smart phone},
} 

@INPROCEEDINGS{Gjoreski11accelerometerdata,
    author = {Hristijan Gjoreski and Matja≈æ Gams},
    title = {Accelerometer data preparation for activity recognition},
    booktitle = {In Proceedings of the International Multiconference Information Society},
    year = {2011},
    pages = {10--14}
}

@inproceedings{Zhang:2011:FSF:2318776.2318798,
 author = {Zhang, Mi and Sawchuk, Alexander A.},
 title = {A Feature Selection-based Framework for Human Activity Recognition Using Wearable Multimodal Sensors},
 booktitle = {Proceedings of the 6th International Conference on Body Area Networks},
 series = {BodyNets '11},
 year = {2011},
 isbn = {978-1-936968-29-9},
 location = {Beijing, China},
 pages = {92--98},
 numpages = {7},
 url = {http://dl.acm.org/citation.cfm?id=2318776.2318798},
 acmid = {2318798},
 publisher = {ICST (Institute for Computer Sciences, Social-Informatics and Telecommunications Engineering)},
 address = {ICST, Brussels, Belgium, Belgium},
 keywords = {feature design, feature selection, human activity recognition, pattern recognition, wearable multimodal sensors},
} 

@inproceedings{Tachikawa:2016:PLS:2971648.2971684,
 author = {Tachikawa, Masaya and Maekawa, Takuya and Matsushita, Yasuyuki},
 title = {Predicting Location Semantics Combining Active and Passive Sensing with Environment-independent Classifier},
 booktitle = {Proceedings of the 2016 ACM International Joint Conference on Pervasive and Ubiquitous Computing},
 series = {UbiComp '16},
 year = {2016},
 isbn = {978-1-4503-4461-6},
 location = {Heidelberg, Germany},
 pages = {220--231},
 numpages = {12},
 url = {http://doi.acm.org/10.1145/2971648.2971684},
 doi = {10.1145/2971648.2971684},
 acmid = {2971684},
 publisher = {ACM},
 address = {New York, NY, USA},
 keywords = {active probing, indoor positioning, passive sensing},
} 

@inproceedings{Tachikawa:2016:PLS:2971648.2971684,
 author = {Tachikawa, Masaya and Maekawa, Takuya and Matsushita, Yasuyuki},
 title = {Predicting Location Semantics Combining Active and Passive Sensing with Environment-independent Classifier},
 booktitle = {Proceedings of the 2016 ACM International Joint Conference on Pervasive and Ubiquitous Computing},
 series = {UbiComp '16},
 year = {2016},
 isbn = {978-1-4503-4461-6},
 location = {Heidelberg, Germany},
 pages = {220--231},
 numpages = {12},
 url = {http://doi.acm.org/10.1145/2971648.2971684},
 doi = {10.1145/2971648.2971684},
 acmid = {2971684},
 publisher = {ACM},
 address = {New York, NY, USA},
 keywords = {active probing, indoor positioning, passive sensing},
}

@inproceedings{Wang:2012:NNW:2307636.2307655,
 author = {Wang, He and Sen, Souvik and Elgohary, Ahmed and Farid, Moustafa and Youssef, Moustafa and Choudhury, Romit Roy},
 title = {No Need to War-drive: Unsupervised Indoor Localization},
 booktitle = {Proceedings of the 10th International Conference on Mobile Systems, Applications, and Services},
 series = {MobiSys '12},
 year = {2012},
 isbn = {978-1-4503-1301-8},
 location = {Low Wood Bay, Lake District, UK},
 pages = {197--210},
 numpages = {14},
 url = {http://doi.acm.org/10.1145/2307636.2307655},
 doi = {10.1145/2307636.2307655},
 acmid = {2307655},
 publisher = {ACM},
 address = {New York, NY, USA},
 keywords = {landmarks, location, mobile phones, recursion, sensing},
} 

@inproceedings{Banerjee:2015:IFL:2802083.2802089,
 author = {Banerjee, Dipyaman and Agarwal, Sheetal K. and Sharma, Parikshit},
 title = {Improving Floor Localization Accuracy in 3D Spaces Using Barometer},
 booktitle = {Proceedings of the 2015 ACM International Symposium on Wearable Computers},
 series = {ISWC '15},
 year = {2015},
 isbn = {978-1-4503-3578-2},
 location = {Osaka, Japan},
 pages = {171--178},
 numpages = {8},
 url = {http://doi.acm.org/10.1145/2802083.2802089},
 doi = {10.1145/2802083.2802089},
 acmid = {2802089},
 publisher = {ACM},
 address = {New York, NY, USA},
 keywords = {WiFi, barometer, indoor localization, smartphones},
} 






